@article{Audet2002,
author = {Audet, Charles and Dennis, J. E.},
journal = {SIAM Journal on Optimization},
publisher = {Society for Industrial and Applied Mathematics},
title = {{Analysis of Generalized Pattern Searches}},
url = {http://epubs.siam.org/doi/abs/10.1137/S1052623400378742},
year = {2002}
}
@article{Bandeira2012,
author = {Bandeira, A. S. and Scheinberg, K. and Vicente, L. N.},
journal = {Mathematical Programming},
title = {{Computation of sparse low degree interpolating polynomials and their application to derivative-free optimization}},
url = {http://link.springer.com/10.1007/s10107-012-0578-z},
year = {2012}
}
@article{Conn2006,
author = {Conn, A. R. and Scheinberg, K. and Vicente, Lu\'{\i}s N.},
journal = {Mathematical Programming},
title = {{Geometry of interpolation sets in derivative free optimization}},
url = {http://link.springer.com/10.1007/s10107-006-0073-5},
year = {2006}
}
@article{Conn2013,
author = {Conn, Andrew R. and {Le Digabel}, S\'{e}bastien},
journal = {Optimization Methods and Software},
publisher = {Taylor \& Francis},
title = {{Use of quadratic models with mesh-adaptive direct search for constrained black box optimization}},
url = {http://dx.doi.org/10.1080/10556788.2011.623162},
year = {2013}
}
@article{Lucidi2002,
author = {Lucidi, Stefano and Sciandrone, Marco},
journal = {SIAM Journal on Optimization},
publisher = {Society for Industrial and Applied Mathematics},
title = {{On the Global Convergence of Derivative-Free Methods for Unconstrained Optimization}},
url = {http://epubs.siam.org/doi/abs/10.1137/S1052623497330392?journalCode=sjope8},
year = {2002}
}
@article{Wen2013,
author = {Wen, Long and Gao, Liang and Li, Xinyu and Zhang, Liping},
journal = {Applied Soft Computing},
title = {{Free Pattern Search for global optimization}},
url = {http://www.sciencedirect.com/science/article/pii/S1568494613001592},
year = {2013}
}
@article{,
title = {{A derivative free optimization algorithm in practice : Multidisciplinary Analysis Optimization Conferences: Vol. , No.(AIAA)}},
url = {http://arc.aiaa.org/doi/abs/10.2514/6.1998-4718}
}

%a partir daqui eu consegui os artigos citados
@misc{,
title = {{SURVEY OF TRUST-REGION DERIVATIVE FREE OPTIMIZATION METHODS}},
url = {http://www.optimization-online.org/DB\_FILE/2007/03/1621.pdf},
urldate = {10/04/14}
}
@article{Audet2014,
author = {Audet, Charles and Ianni, Andrea and Digabel, S\'{e}bastien Le and Tribes, Christophe},
publisher = {Society for Industrial and Applied Mathematics},
title = {{Reducing the Number of Function Evaluations in Mesh Adaptive Direct Search Algorithms}},
url = {http://epubs.siam.org/doi/abs/10.1137/120895056},
year = {2014}
}
@article{Kang20131781,
title = "Artificial bee colony algorithm and pattern search hybridized for global optimization ",
journal = "Applied Soft Computing ",
year = "2013",
url = "http://www.sciencedirect.com/science/article/pii/S1568494612005698",
author = "Fei Kang and Junjie Li and Haojin Li",
}
@article{Custodio2009,
author = {Cust\'{o}dio, A. L. and Rocha, H. and Vicente, L. N.},
journal = {Computational Optimization and Applications},
title = {{Incorporating minimum Frobenius norm models inÂ direct search}},
url = {http://link.springer.com/10.1007/s10589-009-9283-0},
year = {2009}
}
@article{Custodio:2007:USS:1328794.1328802,
author = {Cust\'{o}dio, A. L. and Vicente, L. N.},
title = {Using Sampling and Simplex Derivatives in Pattern Search Methods},
journal = {SIAM J. on Optimization},
year = {2007},
url = {http://dx.doi.org/10.1137/050646706},
publisher = {Society for Industrial and Applied Mathematics},
}
@article{custodio2008sid,
title={SID-PSM: A pattern search method guided by simplex derivatives for use in derivative-free optimization},
author={Custodio, Ana Luisa and Vicente, Luis N},
journal={Departamento de Matem{\'a}tica, Universidade de Coimbra, Coimbra},
year={2008}
}
@article{custodio2008using,
title={Using simplex gradients of nonsmooth functions in direct search methods},
author={Cust{\'o}dio, AL and Dennis, JE and Vicente, Lu{\'\i}s Nunes},
journal={IMA journal of numerical analysis},
year={2008},
}
@article{kolda2003optimization,
title={Optimization by direct search: New perspectives on some classical and modern methods},
author={Kolda, Tamara G and Lewis, Robert Michael and Torczon, Virginia},
journal={SIAM review},
year={2003},
publisher={Society for Industrial and Applied Mathematics}
}

