
%----------------------------------------------------------------------%
%
%----------------------------------------------------------------------%
%
@book{Conn2009,
	address =	{Philadelphia},
	author = 	{Andrew R. Conn and Katya Scheinberg and Luis N. Vicente},
	publisher = {Society for Industrial and Applied Mathematics},
	title = 	{Introduction to Derivative-Free Optimization},
	year = 		{2009}
}
%
%----------------------------------------------------------------------%
%
@article{Martinez2013,
	year =		{2013},
	OPTissn =	{0925-5001},
	journal =	{Journal of Global Optimization},
	volume =	{56},
	number =	{3},
	OPTdoi =	{10.1007/s10898-012-9944-x},
	title =		{Constrained derivative-free optimization on thin domains},
	publisher =	{Springer},
	author =	{J.M. Mart\'{i}nez and F.N.C. Sobral},
	pages =		{1217-1232}
}
%
%----------------------------------------------------------------------%
%testando



